@article{hassell2020mobilize-for-ou,
	Author = {Hassell, Hans JG and Holbein, John B and Baldwin, Matthew},
	Journal = {American Political Science Review},
	Number = {4},
	Pages = {1375--1385},
	Title = {Mobilize for Our Lives? School Shootings and Democratic Accountability in US Elections},
	Volume = {114},
	Year = {2020}}

@article{hartman2019accounting-for-,
	Author = {Hartman, Todd K and Newman, Benjamin J},
	Journal = {British Journal of Political Science},
	Number = {4},
	Pages = {1567--1576},
	Title = {Accounting for Pre-Treatment Exposure in Panel Data: Re-Estimating the Effect of Mass Public Shootings},
	Volume = {49},
	Year = {2019}}

@article{rainey2017transformation-,
	Author = {Rainey, Carlisle},
	Journal = {Political Analysis},
	Number = {3},
	Pages = {402--409},
	Title = {Transformation-induced Bias: Unbiased Coefficients Do Not Imply Unbiased Quantities of Interest},
	Volume = {25},
	Year = {2017}}

@article{barney2019reexamining-the,
	Author = {Barney, David J and Schaffner, Brian F},
	Journal = {British Journal of Political Science},
	Number = {4},
	Pages = {1555--1565},
	Title = {Reexamining the Effect of Mass Shootings on Public Support for Gun Control},
	Volume = {49},
	Year = {2019}}

@article{munoz2020unexpected-even,
	Author = {Mu{\~n}oz, Jordi and Falc{\'o}-Gimeno, Albert and Hern{\'a}ndez, Enrique},
	Journal = {Political Analysis},
	Number = {2},
	Pages = {186--206},
	Title = {Unexpected Event during Survey Design: Promise and Pitfalls for Causal Inference},
	Volume = {28},
	Year = {2020}}

@article{rogowski2019critical-events,
	Author = {Rogowski, Jon C. and Tucker, Patrick D.},
	Journal = {Political Science Research and Methods},
	Number = {4},
	Pages = {903--911},
	Title = {Critical Events and Attitude Change: Support for Gun Control After Mass Shootings},
	Volume = {7},
	Year = {2019}}

@article{newman2019mass-shootings-,
	Author = {Newman, Benjamin J. and Hartman, Todd K.},
	Journal = {British Journal of Political Science},
	Number = {4},
	Pages = {1527--1553},
	Title = {Mass Shootings and Public Support for Gun Control},
	Volume = {49},
	Year = {2019}}
